@COMMENT{ Capitalization of titles only occurs for words in double curly braces.
          In order to define the capitalization of the whole title, put the
          whole title in curly braces, e.g. title={{Capitalized Paper Title}}
}

@misc{redstorm, 
	title={{RedStorm Parking Guidance System}}, 
	url={https://www.signal-tech.com/products/parking/redstorm_parking_guidance_system}, 
}
@misc{autocount, 
	title={{AutoCount: Count Vehicles Anywhere}}, 
	url={https://www.t2systems.com/solutions/vehicle-counting}, 
}
@misc{trueview, 
	title={{TrueView Parking}}, 
	url={https://www.mirame.net/images/en/TrueView%20Parking%E2%84%A2%20EN.pdf}, 
}


@COMMENT{  TEMPLATES FOR BIBLIOGRAPHY STYLES:


%% This is for papers in conference proceedings
%% conference == inproceedings
@inproceedings{,
  author       = {},
  title        = {},
  booktitle    = {},
  organization = {},
  publisher    = {},
  editor       = {},
  volume       = {},
  series       = {},
  address      = {},
  pages        = {},
  month        = {},
  year         = {},
  note         = {},
  comment      = {}
}



%% This is for journal papers
@article{,
  author    = {},
  title     = {},
  journal   = {},
  month     = {},
  year      = {},
  volume    = {},
  number    = {},
  pages     = {},
  abstract  = {},
  note      = {},
  comment   = {}
}

%%include author OR editor, volume OR number, not both:
@book{,
  author    = {},
  editor    = {},
  title     = {},
  publisher = {},
  address   = {},
  series    = {},
  volume    = {},
  edition   = {},
  year      = {},
  note      = {},
  comment   = {}
}



%% a section in book with own title is called incollection, and same as inbook:
%% Include author OR editor, chapter ANDOR pages, volume OR number, not both 
@inbook{,
  author    = {},
  title     = {},
  chapter   = {},
  publisher = {},
  address   = {},
  series    = {},
  volume    = {},
  type      = {},
  edition   = {},
  year      = {},
  isbn      = {},
  note      = {},
  comment   = {}
}



%%% howpublished will contain the pdf file, such as: {{bibtex\_guide.pdf}}
@electronic{,
  author        = {},
  title         = {},
  howpublished  = {{}},
  url           = {},
  month         = {},
  year          = {}
}


%% Type will be application, such as: type = "Patent Application",
%% address is that of the assignee
@patent{,
  author        = {},
  assignee      = {},
  address       = {},
  title         = {},
  nationality   = {},
  type          = {},
  number        = {},
  dayfiled      = {},
  monthfiled    = {},
  yearfiled     = {},
  day           = {},
  month         = {},
  year          = {}
}




@manual{,
  author       = {},
  title        = {},
  organization = {},
  address      = {},
  edition      = {},
  month        = {},
  year         = {},
  note         = {},
  comment      = {}
}



@mastersthesis{,
  author       = {},
  title        = {},
  school       = {},
  address      = {},
  month        = {},
  year         = {},
  type         = {},
  note         = {},
  comment      = {}
}

%% use:  key when there is no author
@misc{,
  author       = {},
  title        = {},
  howpublished = {},
  month        = {},
  year         = {},
  note         = {},
  comment      = {}
}


@phdthesis{,
  author       = {},
  title        = {},
  school       = {},
  address      = {},
  month        = {},
  year         = {},
  keywords     = {},
  note         = {},
  comment      = {}
}



@TechReport{,
  author       = {},
  title        = {},
  institution  = {},
  number       = {},
  type         = {},
  month        = {},
  year         = {},
  note         = {},
  comment      = {}
}


@unpublished{,
  author       = {},
  title        = {},
  month        = {},
  year         = {},
  note         = {},
  comment      = {}
}

}



@COMMENT{ EXAMPLES:  I prefer label to be
          AUTHOR_LAST_NAME then colon then tag for paper or journal then year
          This provides some confirmation back to tag in paper that you are
          including the correct reference.
}


@article{smith:toc66,
  author    = {Albert B. Smith and Charles D. Jones and Euegene F. Roberts},
  title     = {{Article Title}},
  journal   = {IEEE Transactions on Computers},
  month     = {},
  year      = {1966},
  volume    = {36},
  number    = {11},
  pages     = {1617--1627},
  abstract  = {},
  note      = {},
  comment   = {}
}

@inproceedings{roberts:conf14,
  author       = {Eugene F. Roberts and Charles D. Jones and Albert B. Smith},
  title        = {{Paper Title}},
  booktitle    = {Name of the conference},
  organization = {},
  publisher    = {},
  editor       = {},
  volume       = {},
  series       = {},
  address      = {},
  pages        = {666-668},
  month        = {},
  year         = {2014},
  note         = {},
  comment      = {}
}

}